@BOOK{P2P_1,
title={P2P (Peer-to-Peer) [{Э}лектронный ресурс]},
note={URL:~\url{https://ru.bmstu.wiki/P2P_(Peer-to-Peer)} (Дата обращения 24.05.2021). Загл. с экр. Яз. рус.},
}

@BOOK{P2P_2,
title={P2P [{Э}лектронный ресурс]},
note={URL:~\url{https://glebradchenko.susu.ru/courses/bachelor/odp/2013/SUSU_Distr_11_P2P.pdf} (Дата обращения 24.05.2021). Загл. с экр. Яз. рус.},
}

@ARTICLE{algorithm,
  author       = {Сергей Всеволодович Бредихин  and Наталья Григорьевна Щербакова},
  title        = {Диагностика p2p-АКТИВНОСТИ на основе анализа потоков NetFlow},
  journal      = {Проблемы информатики},
  year         = {2012},
  language     = {russia}
}

@BOOK{lan_vul,
title={Взламываем сайты: шпаргалка по SQL инъекциям [{Э}лектронный ресурс]},
note={URL:~\url{https://goo.su/5gsa} (Дата обращения 1.05.2021). Загл. с экр. Яз. рус.},
}
