@BOOK{P2P_1,
title={P2P (Peer-to-Peer) [Электронный ресурс]},
note={URL:~\url{https://ru.bmstu.wiki/P2P_(Peer-to-Peer)} (Дата обращения 24.05.2022). Загл. с экр. Яз. рус.},
}

@BOOK{P2P_2,
title={P2P [Электронный ресурс]},
note={URL:~\url{https://glebradchenko.susu.ru/courses/bachelor/odp/2013/SUSU_Distr_11_P2P.pdf} (Дата обращения 24.05.2022). Загл. с экр. Яз. рус.},
}

@ARTICLE{algorithm,
  author       = {Сергей Всеволодович Бредихин and Наталья Григорьевна Щербакова},
  title        = {Диагностика p2p-активности на основе анализа потоков NetFlow},
  journal      = {Проблемы информатики},
  year         = {2006},
  language     = {russia}
}

@ARTICLE{30percent,
  author       = {Alok Madhukar and Carey Williamson},
  title        = {A Longitudinal Study of P2P Traffic Classification},
  journal      = {Proc. of 14th IEEE International Symposium on Modeling, Analysis, and Simulation},
  year         = {2012},
  language     = {english}
}

@BOOK{seclab,
title={Обнаружение P2P трафика [Электронный ресурс]},
note={URL:~\url{https://www.securitylab.ru/analytics/240496.php} (Дата обращения 24.05.2022). Загл. с экр. Яз. рус.},
}

@BOOK{p2p-list,
title={List of well-known ports used by various peer-to-peer (P2P) protocols. [Электронный ресурс]},
note={URL:~\url{https://www.researchgate.net/figure/List-of-well-known-ports-used-by-various-peer-to-peer-P2P-protocols_tbl1_347789431} (Дата обращения 25.05.2022).  Загл. с экр. Яз. англ.},
}

@ARTICLE{bittorrent,
  author       = {Wanchai Ngiwlay and Chalermek Intanagonwiwat and Yunyong Teng-amnuay},
  title        = {Bittorrent peer identification based on behaviors of a choke algorithm},
  journal      = {Association for Computing Machinery},
  year         = {2008},
  language     = {english}
}

@BOOK{IANA,
title={Предупреждение о задействовании UPnP/SSDP в качестве усилителя DDoS-атак. [Электронный ресурс]},
note={URL:~\url{https://www.opennet.ru/opennews/art.shtml?num=46780} (Дата обращения 03.06.2022).  Загл. с экр. Яз. рус.},
}

